@InProceedings{Long2015,
  author = 	 "Long, Jonathan and Shelhamer, Evan and Darrell, Trevor",
  title =        "Fully convolutional networks for semantic segmentation" ,
  booktitle =        "Proceedings of the IEEE Conference on Computer Vision and Pattern Recognition",
  organization = "IEEE",
  year = 	 "2015",
  pages = 	 "3431-3440"
}
@Inproceedings{Noh2015,
  author= "Noh, Hyeonwoo and Hong, Seunghoon and Han, Bohyung",
  title= "Learning deconvolution network for semantic segmentation",
  booktitle= "Proceedings of the IEEE International Conference on Computer Vision",
  year= "2015",
  organization = "IEEE",
  pages= "1520--1528"
}
@Inproceedings{Kendall2015,
  title= "Bayesian segnet: Model uncertainty in deep convolutional encoder-decoder architectures for scene understanding",
  author= "Kendall, Alex and Badrinarayanan, Vijay and Cipolla, Roberto",
  year="2015",
  booktitle="arXiv preprint arXiv:1511.02680"
}
@Inproceedings{Lin2016,
  title= "Efficient piecewise training of deep structured models for semantic segmentation",
  author="Lin, Guosheng and Shen, Chunhua and Van Den Hengel, Anton and Reid, Ian",
  booktitle="Proceedings of the IEEE Conference on Computer Vision and Pattern Recognition",
  pages="3194--3203",
  year="2016",
  organization="IEEE"
}
@Inproceedings{Lin2017,
  title= "Refinenet: Multi-path refinement networks for high-resolution semantic segmentation",
  author="Lin, Guosheng and Milan, Anton and Shen, Chunhua and Reid, Ian",
  booktitle= "Proceedings of the IEEE Conference on Computer Vision and Pattern Recognition",
  pages= "5168--5177",
  year= "2017",
  organization="IEEE"
}
@Inproceedings{Gupta2014,
  title= "Learning rich features from RGB-D images for object detection and segmentation",
  author= "Gupta, Saurabh and Girshick, Ross and Arbel{\'a}ez, Pablo and Malik, Jitendra",
  booktitle= "European Conference on Computer Vision",
  pages= "345--360",
  year= "2014",
  organization= "Springer"
}
@Inproceedings{Li2016,
  title= "Lstm-cf: Unifying context modeling and fusion with lstms for rgb-d scene labeling",
  author= "Li, Zhen and Gan, Yukang and Liang, Xiaodan and Yu, Yizhou and Cheng, Hui and Lin, Liang",
  booktitle= "European Conference on Computer Vision",
  pages= "541--557",
  year= "2016",
  organization= "Springer"
}
@Inproceedings{Cheng2017,
  title= "Locality -sensitive deconvolution networks with gated fusion for rgb-d indoor semantic segmentation",
  author= "Cheng, Yanhua and Cai, Rui and Li, Zhiwei and Zhao, Xin and Huang, Kaiqi",
  booktitle= "Proceedings of the IEEE Conference on Computer Vision and Pattern Recognition",
  organization = "IEEE",
  pages = "1475-1483",
  year= "2017"
}
@Inproceedings{Park2017,
  title= "Rdfnet: Rgb-d multi-level residual feature fusion for indoor semantic segmentation",
  author= "Park, Seong-Jin and Hong, Ki-Sang and Lee, Seungyong",
  booktitle= "The IEEE International Conference on Computer Vision",
  origanization = "IEEE",
  pages = "4990-4999",
  year= "2017"
}
@inproceedings{Eigen2015,
  title= "Predicting depth, surface normals and semantic labels with a common multi-scale convolutional architecture",
  author="Eigen, David and Fergus, Rob",
  booktitle="Proceedings of the IEEE International Conference on Computer Vision",
  pages="2650--2658",
  year="2015",
  organization="IEEE"
}
@inproceedings{Xu2018,
     author= "D. Xu and W. Ouyang and X. Wang and N. Sebe",
	booktitle= "Proceedings of the IEEE International Conference on Computer Vision",
	title="PAD-Net: Multi-tasks Guided Prediction-and-Distillation Network for Simultaneous Depth Estimation and Scene Parsing",
	year= "2018",
	pages="675-684",
     organization="IEEE"
}
@inproceedings{Zhang2018,
  title= "Joint Task-Recursive Learning for Semantic Segmentation and Depth Estimation",
  author= "Zhang, Zhenyu and Cui, Zhen and Xu, Chunyan and Jie, Zequn and Li, Xiang and Yang, Jian",
  booktitle= "European Conference on Computer Vision",
  pages= "238--255",
  year= "2018",
  organization= "Springer"
}
@inproceedings{Jiao2018,
  title= "Look Deeper into Depth: Monocular Depth Estimation with Semantic Booster and Attention-Driven Loss",
  author= "Jiao, Jianbo and Cao, Ying and Song, Yibing and Lau, Rynson",
  booktitle= "European Conference on Computer Vision",
  pages= "55--71",
  year= "2018",
  organization= "Springer"
}
@inproceedings{Sun2018,
  title= "Pwc-net: Cnns for optical flow using pyramid, warping, and cost volume",
  author= "Sun, Deqing and Yang, Xiaodong and Liu, Ming-Yu and Kautz, Jan",
  booktitle= "Proceedings of the IEEE Conference on Computer Vision and Pattern Recognition",
  pages= "8934--8943",
  year=" 2018",
  organization="IEEE"
}
